@article{Smith_2012,
  doi = {10.1016/j.neuroimage.2012.06.005},
  url = {http://dx.doi.org/10.1016/j.neuroimage.2012.06.005},
  year = {2012},
  month = {sep},
  publisher = {Elsevier {BV}},
  volume = {62},
  number = {3},
  pages = {1924--1938},
  author = {Robert E. Smith and Jacques-Donald Tournier and Fernando Calamante and Alan Connelly},
  title = {{Anatomically-constrained tractography: Improved diffusion {MRI} streamlines tractography through effective use of anatomical information}},
  journal = {{NeuroImage}}},
}


@phdthesis{Chik,
  doi = {10.5353/th_b4784944},
  url = {http://dx.doi.org/10.5353/th_b4784944},
  publisher = {The University of Hong Kong Libraries},
  author = {Tsz-kit Chik},
  title = {{Fabrication of multi-component tissue for intervertebral disc tissue engineering}},
}
